@article{FJ,
  title={Social influence and opinions},
  author={Friedkin, Noah E and Johnsen, Eugene C},
  journal={Journal of Mathematical Sociology},
  volume={15},
  number={3-4},
  pages={193--206},
  year={1990},
  publisher={Taylor \& Francis}
}

@article{VMG,
  title={Modelling influence and opinion evolution in online collective behaviour},
  author={Kerckhove, Corentin Vande and Martin, Samuel and Gend, Pascal and Rentfrow, Peter J and Hendrickx, Julien M and Blondel, Vincent D},
  journal={PloS one},
  volume={11},
  number={6},
  pages={e0157685},
  year={2016},
  publisher={Public Library of Science}
}

@article{French,
  title={A formal theory of social power.},
  author={French Jr, John RP},
  journal={Psychological review},
  volume={63},
  number={3},
  pages={181},
  year={1956},
  publisher={American Psychological Association}
}

@article{Asch,
  title={Effects of group pressure upon the modification and distortion of judgments},
  author={Asch, Solomon E},
  journal={Groups, leadership, and men. S},
  pages={222--236},
  year={1951}
}
